<?xml version="1.0" encoding="UTF-8"?><collection xmlns="http://www.loc.gov/MARC21/slim"><record><leader>00339nam--2200133-i-4500</leader><controlfield tag="001">000027885</controlfield><controlfield tag="002">20161230</controlfield><controlfield tag="005">20161230201037</controlfield><controlfield tag="008">060222s1000------------r-----000-0-eng-d</controlfield><datafield ind1=" " ind2=" " tag="080"><subfield code="a">621.38</subfield></datafield><datafield ind1=" " ind2=" " tag="100"><subfield code="a">Ledger, A,S,P.And Roche, N.H</subfield></datafield><datafield ind1=" " ind2=" " tag="245"><subfield code="a">Fundamental electronics</subfield></datafield><datafield ind1=" " ind2=" " tag="260"><subfield code="a">London, Blachie &amp; Son Ltd., 1967, Ix + 594p</subfield></datafield><datafield ind1=" " ind2=" " tag="852"><subfield code="a">30070</subfield></datafield></record></collection>